@article {MR2993935,
    AUTHOR = {Chazottes, J.-R. and Gou\"{e}zel, S.},
     TITLE = {Optimal concentration inequalities for dynamical systems},
   JOURNAL = {Comm. Math. Phys.},
  FJOURNAL = {Communications in Mathematical Physics},
    VOLUME = {316},
      YEAR = {2012},
    NUMBER = {3},
     PAGES = {843--889},
      ISSN = {0010-3616},
   MRCLASS = {37B10},
  MRNUMBER = {2993935},
MRREVIEWER = {Takis Konstantopoulos},
       DOI = {10.1007/s00220-012-1596-7},
       URL = {https://doi.org/10.1007/s00220-012-1596-7},
}

@article {MR2095565,
    AUTHOR = {Roberts, G. O. and Rosenthal, J. S.},
     TITLE = {General state space {M}arkov chains and {MCMC} algorithms},
   JOURNAL = {Probab. Surv.},
  FJOURNAL = {Probability Surveys},
    VOLUME = {1},
      YEAR = {2004},
     PAGES = {20--71},
      ISSN = {1549-5787},
   MRCLASS = {60J05 (62F10 65C05)},
  MRNUMBER = {2095565},
MRREVIEWER = {Roman Urban},
       DOI = {10.1214/154957804100000024},
       URL = {https://doi.org/10.1214/154957804100000024},
}

@book{MR1719582,
	Author = {Vapnik, V. N.},
	Doi = {10.1007/978-1-4757-3264-1},
	Edition = {Second},
	Isbn = {0-387-98780-0},
	Mrclass = {68T05 (60F10 62G99)},
	Mrnumber = {1719582},
	Pages = {xx+314},
	Publisher = {Springer-Verlag, New York},
	Series = {Statistics for Engineering and Information Science},
	Title = {The nature of statistical learning theory},
	Url = {http://dx.doi.org/10.1007/978-1-4757-3264-1},
	Year = {2000},
	Bdsk-Url-1 = {http://dx.doi.org/10.1007/978-1-4757-3264-1}}


@article {MR2424985,
    AUTHOR = {Adamczak, R.},
     TITLE = {A tail inequality for suprema of unbounded empirical processes
              with applications to {M}arkov chains},
   JOURNAL = {Electron. J. Probab.},
  FJOURNAL = {Electronic Journal of Probability},
    VOLUME = {13},
      YEAR = {2008},
     PAGES = {no. 34, 1000--1034},
      ISSN = {1083-6489},
   MRCLASS = {60E15 (60B05 60J05)},
  MRNUMBER = {2424985},
MRREVIEWER = {Djalil Chafa\"{\i}},
       DOI = {10.1214/EJP.v13-521},
       URL = {https://doi.org/10.1214/EJP.v13-521},
}


@incollection {MR1036755,
    AUTHOR = {McDiarmid, C.},
     TITLE = {On the method of bounded differences},
 BOOKTITLE = {Surveys in combinatorics, 1989 ({N}orwich, 1989)},
    SERIES = {London Math. Soc. Lecture Note Ser.},
    VOLUME = {141},
     PAGES = {148--188},
 PUBLISHER = {Cambridge Univ. Press, Cambridge},
      YEAR = {1989},
   MRCLASS = {05C80 (60E15 60F10 60G42)},
  MRNUMBER = {1036755},
MRREVIEWER = {Alan M. Frieze},
}

@article {MR3407208,
    AUTHOR = {Dedecker, J. and Gou\"{e}zel, S.},
     TITLE = {Subgaussian concentration inequalities for geometrically
              ergodic {M}arkov chains},
   JOURNAL = {Electron. Commun. Probab.},
  FJOURNAL = {Electronic Communications in Probability},
    VOLUME = {20},
      YEAR = {2015},
     PAGES = {no. 64, 12},
      ISSN = {1083-589X},
   MRCLASS = {60J10 (60E15)},
  MRNUMBER = {3407208},
       DOI = {10.1214/ECP.v20-3966},
       URL = {https://doi.org/10.1214/ECP.v20-3966},
}


@article{adelman:enriquez:2004,
	Author = {Adelman, O. and Enriquez, N.},
	Journal = {Israel Journal of Mathematics},
	Pages = {205--220},
	Title = {Random walks in random environment: what a single trajectory tells},
	Volume = {142},
	Year = {2004}}

@book{akhiezer:1965,
	Author = {{Akhiezer}, N.I.},
	Publisher = {Oliver and Boyd, Edinburgh},
	Title = {The classical moment problem and some related questions in analysis},
	Year = {1965}}

@article{alemany:2012,
	Author = {Alemany, A. and Mossa,  A. and Junier, I. and Ritort, F.},
	Title = {Experimental free-energy measurements of kinetic molecular states using fluctuation theorems},
	Journal = {Nat Phys},
	Volume = {8},
	Number = {9},
	Year = {2012},
	Pages = {688--694}}

@article{alili:jap:1999,
	author = {S. Alili},
	journal = {Journal of Applied Probability},
	number = {2},
	pages = {334--349},
	publisher = {Applied Probability Trust},
	title = {Asymptotic Behaviour for Random Walks in Random Environments},
	volume = {36},
	year = {1999}}

@article{alili:jsp:1999,
	Author = {Alili, S.},
	Title = {Persistent random walks in stationary environment},
	Journal = {Journal of Statistical Physics},
	Volume = {94},
	Number = {3--4},
	Year = {1999},
	Pages = {469-494}}

@book{alon:spencer:2011,
	author = {Alon, N. and Spencer, J. H.},
	publisher = {John Wiley and Sons, Ltd},
	title = {The Probabilistic Method},
	chapter = {7},
	pages = {97-118},
	year = {2011}}
	
@article{andreoletti:loukianova:matias:2015,
    AUTHOR = {Andreoletti, P. and Loukianova, D. and Matias, C.},
    TITLE = {Hidden {M}arkov model for parameter estimation of a random walk in a {M}arkov environment},
    JOURNAL = {ESAIM. Probability and Statistics},
    VOLUME = {19},
    YEAR = {2015},
    PAGES = {605--625}}

@article{baldazzi:2006,
	Author = {{Baldazzi}, V. and {Bradde}, S. and {Cocco}, S. and {Marinari}, E. and {Manasson}, R.},
	Title = {Inference of {DNA} sequences from mechanical unzipping: an ideal-case study},
	Journal = {Phys. Rev. Lett.},
	Volume = {96},
	Year = {2006}}

@article{baldazzi:2007,
	Author = {{Baldazzi}, V. and {Bradde}, S. and {Cocco}, S. and {Marinari}, E. and {Manasson}, R.},
	Title = {Inferring {DNA} sequences from mechanical unzipping data: the large-bandwidth case},
	Journal = {Phys. Rev. E},
	Volume = {75},
	Year = {2007}}

@article{barron:1988,
	Author = {{Barron}, A.},
	Title = {The exponential convergence of posterior probabilities with implications for {B}ayes estimators of density functions},
	Journal = {Technical report,
Department of Statistics, University of Illinois, Champaign, Illinois},
	Year = {1988}}

@article{barron:schervish:wasserman:1999,
	author = "Barron, A. and Schervish, M. J. and Wasserman, L.",
	journal = "The Annals of Statistics",
	month = "04",
	number = "2",
	pages = "536--561",
	publisher = "The Institute of Mathematical Statistics",
	title = "The consistency of posterior distributions in nonparametric problems",
	volume = "27",
	year = "1999"}

@article{bertin:klutchnikoff:2010,
	Author = {{Bertin}, K. and {Klutchnikoff}, N.},
	Volume = {141},
	Number = {7},
	Journal = {Journal of Statistical Planning and Inference},
	Title = {Minimax properties of beta kernel density estimators},
	Year = {2010},
	Pages = {2287--2297}}
	
@article {bertin:klutchnikoff:2014,
    Author = {Bertin, K. and Klutchnikoff, N.},
    Title = {Adaptive estimation of a density function using beta kernels},
    Journal = {ESAIM. Probability and Statistics},
    Volume = {18},
    Year = {2014},
    Pages = {400--417}}

@book{boucheron:lugosi:massart:2013,
    Author = {Boucheron, S. and Lugosi, G. and Massart, P.},
    Title = {Concentration inequalities},
    Note = {A nonasymptotic theory of independence, With a foreword by Michel Ledoux},
    Publisher = {Oxford University Press, Oxford},
    Year = {2013}}

@article{bouezmarni:rolin:2003,
	Author = {{Bouezmarni}, T. and {Rolin}, J.M.},
	Journal = {Canadian Journal of Statistics},
	Number = 1,
	Pages = {{89--98}},
	Publisher = {Wiley-Blackwell},
	Title = {Consistency of the beta kernel density function estimator},
	Volume = 31,
	Year = 2003}

@article{brown:chen:1999,
	Author = {{Brown}, B.M. and {Chen}, S.X. },
	Issn = {03036898, 14679469},
	Journal = {Scandinavian Journal of Statistics},
	Number = {1},
	Pages = {47-59},
	Publisher = {[Board of the Foundation of the Scandinavian Journal of Statistics, Wiley]},
	Title = {Beta-Bernstein Smoothing for Regression Curves with Compact Support},
	Url = {http://www.jstor.org/stable/4616540},
	Volume = {26},
	Year = {1999},
	Bdsk-Url-1 = {http://www.jstor.org/stable/4616540}}

@article{comets:falconnet:loukianov:loukianova:matias:2014,
	Author = {Comets, F. and Falconnet, M. and Loukianov, O. and Loukianova, D. and Matias, C.},
	Journal = {Stochastic Processes and their Applications},
	Number = {1},
	Pages = {268--288},
	Title = {Maximum likelihood estimator consistency for ballistic random walk in a parametric random environment},
	Volume = {124},
	Year = {2014}}

@article{comets:falconnet:loukianov:loukianova:2016,
    AUTHOR = {Comets, F. and Falconnet, M. and Loukianov, O. and Loukianova, D.},
    TITLE = {Maximum likelihood estimator consistency for recurrent random walk in a parametric random environment with finite support},
    JOURNAL = {Stochastic Processes and their Applications},
    VOLUME = {126},
    YEAR = {2016},
    NUMBER = {11},
    PUBLISHER = {Elsevier},
    PAGES = {3578--3604}}

@article{chen:1999,
	Author = {{Chen}, S.X.},
	Journal = {Computational Statistics and Data Analysis},
	Number = {2},
	Pages = {131--145},
	Title = {Beta kernel estimators for density functions},
	Volume = {31},
	Year = {1999}}

@article{chen:2000,
	Author = {{Chen}, S.X.},
	Journal = {Statistica Sinica},
	Number = {1},
	Pages = {73-91},
	Publisher = {Institute of Statistical Science, Academia Sinica},
	Title = {Beta kernel s√πoothers for regression curves},
	Volume = {10},
	Year = {2000}}

@article{chernov:1967,
	Author = {{Chernov}, A.A.},
	Journal = {Biofizika},
	Pages = {297--301},
	Title = {Replication of a multicomponent chain by the lightning mechanism},
	Volume = 12,
	Year = 1967}

@article{diaconis:freedman:1986,
	author = "Diaconis, P. and Freedman, D.",
	journal = "The Annals of Statistics",
	month = "03",
	number = "1",
	pages = "1--26",
	publisher = "The Institute of Mathematical Statistics",
	title = "On the Consistency of {B}ayes Estimates",
	volume = "14",
	year = "1986"}

@ARTICLE{diel:lerasle:2018,
	title = "Non parametric estimation for random walks in random environment",
	journal = "Stochastic Processes and their Applications",
	volume = "128",
	number = "1",
	pages = "132--155",
	year = "2018",
	author = "Diel, R. and Lerasle, M."}

@Inproceedings{doob:1949,
	author = {Doob, J.L.},
	title = {Application of the theory of martingales},
	year = {1949},
	booktitle = {Actes du Colloque International Le Calcul des Probabilit√©s et ses applications},
	eventdate = {1948-06-28/1948-07-03},
	publisher = {Paris CNRS},
	location = {Lyon},
	pages = {23-37},
	note = {(Doob‚Äôs original paper can be found at the end of a historical account entitled ‚ÄúDoob at Lyon‚Äù, currently available at: www.jehps.net/juin2009/Locker.pdf.)}}

@book{douc:moulines:priouret:soulier:2018,
	Author = {Douc, R. and Moulines, E. and Priouret, P. and Soulier, P.},
	Publisher = {Springer},
	Title = {{M}arkov chains},
	Year = {2018}}

@article{douc:olsson:roueff:2019,
	title = "Posterior consistency for partially observed {M}arkov models",
	journal = "Stochastic Processes and their Applications",
	year = "2019",
	author = "Douc, R. and Olsson, J. and Roueff, F.",
	publisher={Elsevier}}

@book{dubhashi:panconesi:2009,
	title={Concentration of Measure for the Analysis of Randomized Algorithms},
	publisher={Cambridge University Press},
	author={Dubhashi, D.P. and Panconesi, A.},
	year={2009}}

@book{dudley:2002,
	place={Cambridge},
	edition={2},
	series={Cambridge Studies in Advanced Mathematics},
	title={Real Analysis and Probability},
	publisher={Cambridge University Press},
	author={Dudley, R. M.},
	year={2002},
	collection={Cambridge Studies in Advanced Mathematics}}

@article{enriquez:sabot:zindy:2009,
  TITLE = {Limit laws for transient random walks in random environment on $\mathbbm{Z}$},
  AUTHOR = {Enriquez, N. and Sabot, C. and Zindy, O.},
  JOURNAL = {Annales de l'Institut Fourier},
  PUBLISHER = {Association des Annales de l'Institut Fourier},
  VOLUME = {59},
  PAGES = {2469-2508},
  YEAR = {2009}}

@article{enriquez:sabot:tournier:zindy:2013,
	author = "Enriquez, N. and Sabot, C. and Tournier, L. and Zindy, O.",
	journal = "The Annals of Applied Probability",
	month = "06",
	number = "3",
	pages = "1148--1187",
	publisher = "The Institute of Mathematical Statistics",
	title = "Quenched limits for the fluctuations of transient random walks in random environment on $\mathbb{Z}$",
	volume = "23",
	year = "2013"}

@article{falconnet:loukianova:matias:2014,
	Author = {Falconnet, M. and Loukianova, D. and Matias, C.},
	Journal = {Mathematical Methods of Statistics},
	Number = {1},
	Pages = {1--19},
	Title = {Asymptotic normality and efficiency of the maximum likelihood estimator for the parameter of a ballistic random walk in a random environment},
	Volume = {23},
	Year = {2014}}

@article{falconnet:gloter:loukianova:2014,
	Author = {Falconnet, M. and Gloter, A. and Loukianova, D.},
	Journal = {Mathematical Methods of Statistics},
	Number = {3},
	Pages = {159--175},
	Title = {Maximum likelihood estimation in the context of a sub-ballistic random walk in a parametric random environment},
	Volume = {23},
	Publisher ={Springer},
	Year = {2014}}

@article{freedman:1963,
	Author = "Freedman, D.A.",
	Journal = "Ann. Math. Statist.",
	Month = "12",
	Number = "4",
	Pages = "1386--1403",
	Publisher = "The Institute of Mathematical Statistics",
	Title = "On the Asymptotic Behavior of {B}ayes Estimates in the Discrete Case",
	Volume = "34",
	Year = "1963"}

@article{freedman:1965,
	Author = "Freedman, D.A.",
	Journal = "Ann. Math. Statist.",
	Month = "04",
	Number = "2",
	Pages = "454--456",
	Publisher = "The Institute of Mathematical Statistics",
	Title = "On the Asymptotic Behavior of {B}ayes Estimates in the Discrete Case II",
	Volume = "36",
	Year = "1965"}

@article{galton:watson:1875,
	author = {Galton, F. and Watson, H. W.},
	journal = {The Journal of the Anthropological Institute of Great Britain and Ireland},
	pages = {138--144},
	publisher = {[Royal Anthropological Institute of Great Britain and Ireland, Wiley]},
	title = {On the Probability of the Extinction of Families},
	volume = {4},
	year = {1875}}

@article{gantert:nagel:2014,
	author = "Gantert, N. and Nagel, J.",
	journal = "Electronic Communications in Probability",
	pages = "9 pp.",
	pno = "27",
	publisher = "The Institute of Mathematical Statistics and the Bernoulli Society",
	title = "Reconstructing the environment seen by a RWRE",
	volume = "19",
	year = "2014"}

@article{gantert:peres:shi:2010,
	author = "Gantert, N. and Peres, Y. and Shi, Z.",
	journal = "Annales de l'Institut Henri Poincar√©, Probabilit√©s et Statistiques",
	month = "05",
	number = "2",
	pages = "525--536",
	publisher = "Institut Henri Poincar√©",
	title = "The infinite valley for a recurrent random walk in random environment",
	volume = "46",
	year = "2010"}

@article{gantert:shi:2002,
	author = "Gantert, N. and Shi, Z.",
	title = "Many visits to a single site by a transient random walk in random environment",
	journal = "Stochastic Processes and their Applications",
	volume = "99",
	number = "2",
	pages = "159 - 176",
	year = "2002"}

@article{ghosal:ghosh:ramamoorthi:1999,
	author = "Ghosal, S. and Ghosh, J. K. and Ramamoorthi, R. V.",
	journal = "The Annals of Statistics",
	month = "03",
	number = "1",
	pages = "143--158",
	publisher = "The Institute of Mathematical Statistics",
	title = "Posterior consistency of Dirichlet mixtures in density estimation",
	volume = "27",
	year = "1999"}

@article{ghosal:ghosh:vandervaart:2000,
	author = "Ghosal, S. and Ghosh, J.K. and van der Vaart, A.",
	journal = "The Annals of Statistics",
	month = "04",
	number = "2",
	pages = "500--531",
	publisher = "The Institute of Mathematical Statistics",
	title = "Convergence rates of posterior distributions",
	volume = "28",
	year = "2000"}

@article{ghosal:vandervaart:2001,
	author = "Subhashis, G. and van der Vaart, A.W.",
	journal = "The Annals of Statistics",
	month = "10",
	number = "5",
	pages = "1233--1263",
	publisher = "The Institute of Mathematical Statistics",
	title = "Entropies and rates of convergence for maximum likelihood and {B}ayes estimation for mixtures of normal densities",
	volume = "29",
	year = "2001"}

@article{ghosal:vandervaart:2007,
	author = {Ghosal, S. and van der Vaart, A.},
	year = {2007},
	month = {08},
	number = "1",
	pages = {192-223},
	title = {Convergence rates of posterior distributions for noniid observations},
	volume = {35},
	journal = {Annals of Statistics}}

@article{ghosal:vandervaart:2007bis,
	author = {Ghosal, S. and van der Vaart, A.},
	journal = "The Annals of Statistics",
	month = "04",
	number = "2",
	pages = "697--723",
	publisher = "The Institute of Mathematical Statistics",
	title = "Posterior convergence rates of Dirichlet mixtures at smooth densities",
	volume = "35",
	year = "2007"}

@book{ghosal:vandervaart:2017,
	series={Cambridge Series in Statistical and Probabilistic Mathematics},
	title={Fundamentals of Nonparametric {B}ayesian Inference},
	publisher={Cambridge University Press},
	author={Ghosal, S. and van der Vaart, A.},
	year={2017},
	collection={Cambridge Series in Statistical and Probabilistic Mathematics}}

@article{goldenshluger:lepski:2008,
	author = {{Goldenshluger}, A. and {Lepski}, O.},
	journal = "Bernoulli",
	number = "4",
	pages = "1150--1190",
	publisher = "Bernoulli Society for Mathematical Statistics and Probability",
	title = "Universal pointwise selection rule in multivariate function estimation",
	volume = "14",
	year = "2008"}

@article {golosov:1983,
	AUTHOR = {Golosov, A. O.},
	TITLE = {Limit distributions for random walks in a random environment},
	JOURNAL = {Doklady Akademii Nauk SSSR},
	VOLUME = {271},
	YEAR = {1983},
	NUMBER = {1},
	PAGES = {25--29}}

@book{ghosh:ramamoorthi:2003,
	AUTHOR = {Ghosh, J. K. and Ramamoorthi, R. V.},
	TITLE = {{B}ayesian nonparametrics},
	SERIES = {Springer Series in Statistics},
	PUBLISHER = {Springer-Verlag, New York},
	YEAR = {2003},
	PAGES = {xii+305}}

@article{greven:denhollander:1994,
	author = "Greven, A. and den Hollander, F.",
	journal = "The Annals of Probability",
	month = "07",
	number = "3",
	pages = "1381--1428",
	publisher = "The Institute of Mathematical Statistics",
	title = "Large Deviations for a Random Walk in Random Environment",
	volume = "22",
	year = "1994"}

@article{havet:lerasle:moulines:2019,
	author="Havet, A. and Lerasle, M. and Moulines, {\'E}.",
	title="Density Estimation for RWRE",
	journal="Mathematical Methods of Statistics",
	year="2019",
	month="Jan",
	day="01",
	volume="28",
	number="1",
	pages="18--38"}

@book{hjort:holmes:muller:walker:2010,
	place={Cambridge},
	editor={Hjort, N.L.},
	series={Cambridge Series in Statistical and Probabilistic Mathematics},
	title={{B}ayesian Nonparametrics},
	publisher={Cambridge University Press},
	year={2010},
	collection={Cambridge Series in Statistical and Probabilistic Mathematics}}

@article{huguet:2009,
	Author = {Huguet, J. M. and Forns,  N. and Ritort, F.},
	Title = {Statistical properties of metastable intermediates in DNA unzipping},
	Journal = {Phys. Rev. Lett.},
	Volume = {103},
	Number = {24},
	pages = {248106},
	numpages = {4},
	year = {2009},
	publisher = {American Physical Society}}

@article{kesten:kozlov:spitzer:1975,
	author = {{Kesten}, H. and {Kozlov}, M. and {Spitzer}, F.},
	journal = {Compositio Mathematica},
	number = {2},
	pages = {145-168},
	publisher = {Noordhoff International Publishing},
	title = {A limit law for random walk in a random environment},
	volume = {30},
	year = {1975}}

@article{kesten:1986,
	title = "The limit distribution of Sinai's random walk in random environment",
	journal = "Physica A: Statistical Mechanics and its Applications",
	volume = "138",
	number = "1",
	pages = "299 - 309",
	year = "1986",
	author = "Kesten, H."}

@article{koch:2002,
	Author = {Koch, S. J. and Shundrovsky, A.  and Jantzen, B. C.  and Wang, M. D.},
	Title = {Probing protein-DNA interactions by unzipping a single DNA double helix},
	Journal = {Biophysical Journal },
	Volume = {83},
	Number = {2},
	Year = {2002},
	Pages = {1098--1105}}

@article{lecam:1953,
	Author = {Le Cam, L.},
	Journal = {University California Publication Statistics},
	Volume = {1},
	Pages = {277--239},
	Title = {On some asymptotic properties of maximum likelihood estimates and related {B}ayes' estimates},
	Month = {1},
	Year = {1953}}

@unpublished{lecorff:lerasle:vernet:2018,
  TITLE = {{A {B}ayesian nonparametric approach for generalized Bradley-Terry models in random environment}},
  AUTHOR = {{Le Corff}, S. and {Lerasle}, M. and {Vernet}, E.},
  URL = {https://hal.archives-ouvertes.fr/hal-01860352},
  NOTE = {arXiv:1808.08104 },
  YEAR = {2018},
  PDF = {https://hal.archives-ouvertes.fr/hal-01860352/file/{B}ayesianbt.pdf}}

@article{lubensky:nelson:2002,
	author = {Lubensky, D.K. and Nelson, D.R.},
	year = {2002},
	month = {04},
	pages = {031917},
	title = {Single Molecule Statistics and the Polynucleotide Unzipping Transition},
	volume = {65},
	journal = {Physical review. E, Statistical, nonlinear, and soft matter physics}}

@book{massart:2007,
	title={Concentration inequalities and model selection: Ecole d'Et{\'e} de Probabilit{\'e}s de Saint-Flour XXXIII - 2003},
	author={Massart, P. and Picard, J.},
	number={1896},
	series={Ecole d'Et{\'e} de Probabilit{\'e}s de Saint-Flour},
	year={2007},
	publisher={Springer-Verlag}}

@inbook{mcdiarmid:1989,
	place={Cambridge},
	series={London Mathematical Society Lecture Note Series},
	title={On the method of bounded differences},
	booktitle={Surveys in Combinatorics, 1989: Invited Papers at the Twelfth British Combinatorial Conference},
	publisher={Cambridge University Press},
	author={McDiarmid, C.},
	year={1989},
	pages={148‚Äì188},
	collection={London Mathematical Society Lecture Note Series}}

@article{maurey:1979,
	AUTHOR = {Maurey, B.},
	TITLE = {Construction de suites sym\'{e}triques},
	JOURNAL = {Comptes Rendus Hebdomadaires des S\'{e}ances de l'Acad\'{e}mie des Sciences. S\'{e}ries A et B},
	VOLUME = {288},
	YEAR = {1979},
	NUMBER = {14},
	PAGES = {679--681}}

@article{mayerwolf:roitersthein:zeitouni:2004,
	author = {Mayer-Wolf, E. and Roitershtein, A. and Zeitouni, O.},
	title = {Limit theorems for one-dimensional transient random walks in {M}arkov environments},
	journal = {Annales de l'I.H.P. Probabilit\'es et statistiques},
	publisher = {Elsevier},
	volume = {40},
	number = {5},
	year = {2004},
	pages = {635-659}}

@book{milman:schechtman:1986,
	author = {Milman, V.D. and Schechtman, G.},
	title = {Asymptotic Theory of Finite Dimensional Normed Spaces},
	year = {1986},
	publisher = {Springer-Verlag}}

@article{mnatsakanov:2008,
   author = {{Mnatsakanov}, R.},
   title = {Hausdorff moment problem:Reconstruction of probability density functions},
   journal = {Statistics and probability letters},
   volume = {78},
   number = {13},
   pages = {1869-1877},
   year = 2008}

@article{mnastakanov:ruymgaart:2003,
    AUTHOR = {{Mnatsakanov}, R. and {Ruymgaart}, F. H.},
    TITLE = {Some properties of moment-empirical {CDF}'s with application to some inverse estimation problems},
    JOURNAL = {Mathematical Methods of Statistics},
    VOLUME = {12},
    YEAR = {2003},
    NUMBER = {4},
    PAGES = {478--495}}

@article{paulin:2015,
	Author = "Paulin, D.",
	Journal = "Electronic Journal of Probability",
	Pages = "1--32",
	Pno = "79",
	Publisher = "The Institute of Mathematical Statistics and the Bernoulli Society",
	Title = {Concentration inequalities for {M}arkov chains by {M}arton couplings and spectral methods},
	Volume = "20",
	Year = "2015"}

@article{peterson:zeitouni:2009,
	author = "Peterson, J. and Zeitouni, O.",
	journal = "The Annals of Probability",
	month = "01",
	number = "1",
	pages = "143--188",
	publisher = "The Institute of Mathematical Statistics",
	title = "Quenched limits for transient, zero speed one-dimensional random walk in random environment",
	volume = "37",
	year = "2009"}

@article{rousseau:2016,
	author = {{Rousseau}, J.},
	title = {On the Frequentist Properties of {B}ayesian Nonparametric Methods},
	journal = {Annual Review of Statistics and Its Application},
	volume = {3},
	number = {1},
	pages = {211-231},
	year = {2016}}

@article{schwartz:1965,
	author= {{Schwartz}, L.},
	title="On {B}ayes procedures",
	journal="Zeitschrift f{\"u}r Wahrscheinlichkeitstheorie und Verwandte Gebiete",
	year="1965",
	volume="4",
	number="1",
	pages="10--26"}
	
@InProceedings{shawetaylor:williamson:1999,
	author="Shawe-Taylor, J. and Williamson, R.C.",
	title="Generalization Performance of Classifiers in Terms of Observed Covering Numbers",
	booktitle="Computational Learning Theory",
	year="1999",
	publisher="Springer Berlin Heidelberg",
	pages="274--285"}

@article{sinai:1982,
	Author = {Sina{\u\i}, Y. G.},
	Journal = {Akademiya Nauk SSSR. Teoriya Veroyatnoste\u\i\ i ee Primeneniya},
	Number = {2},
	Pages = {247--258},
	Title = {The limit behavior of a one-dimensional random walk in a random environment},
	Volume = {27},
	Year = {1982}}

@article{solomon:1975,
	author = {{Solomon}, F.},
	journal = {The Annals of Probability},
	number = {1},
	pages = {1--31},
	publisher = {The Institute of Mathematical Statistics},
	title = {Random Walks in a Random Environment},
	volume = {3},
	year = {1975}}

@article{talagrand:1995,
     Author = {Talagrand, M.},
     Title = {Concentration of measure and isoperimetric inequalities in product spaces},
     Journal = {Publications Math\'ematiques de l'IH\'ES},
     Publisher = {Institut des Hautes \'Etudes Scientifiques},
     Volume = {81},
     year = {1995},
     pages = {73-205}}

@article{talagrand:1996,
	author = "Talagrand, M.",
	journal = "The Annals of Probability",
	month = "07",
	number = "3",
	pages = "1049--1103",
	publisher = "The Institute of Mathematical Statistics",
	title = "Majorizing measures: the generic chaining",
	volume = "24",
	year = "1996"}

@article{talagrand:independence:1996,
	Author = "Talagrand, M.",
	Journal = "The Annals of Probability",
	month = "01",
	number = "1",
	pages = "1--34",
	publisher = "The Institute of Mathematical Statistics",
	title = "A new look at independence",
	volume = "24",
	year = "1996"}

@article{temkin:1972,
	title = "One-dimensional random walks in a two-component chain",
	journal = "Soviet Mathematics Doklady",
	volume = "13",
	number = "4",
	pages = "1172--1176",
	year = "1972",
	author = "Temkin, D.E."}

@book{tsybakov:2009,
    AUTHOR = {{Tsybakov}, A.B.},
    TITLE = {Introduction to nonparametric estimation},
    SERIES = {Springer Series in Statistics},
    PUBLISHER = {Springer, New York},
    YEAR = {2009}}

@article{vernet:2015,
	author = "Vernet, E.",
	journal = "Electronic Journal of Statistics",
	number = "1",
	pages = "717--752",
	publisher = "The Institute of Mathematical Statistics and the Bernoulli Society",
	title = "Posterior consistency for nonparametric hidden {M}arkov models with finite state space",
	volume = "9",
	year = "2015"}

@article{yurinskii:1976,
	title = "Exponential inequalities for sums of random vectors",
	journal = "Journal of Multivariate Analysis",
	volume = "6",
	number = "4",
	pages = "473 - 499",
	year = "1976",
	author = " Yurinskii, V.V."}

@incollection{zeitouni:2012,
	Author = {Zeitouni, O.},
	Booktitle = {Computational complexity. {V}ols. 1--6},
	Pages = {2564--2577},
	Publisher = {Springer, New York},
	Title = {Random walks in random environment},
	Year = {2012}}
